<record><leader>00000cas a22000007a 4500</leader><controlfield tag="001">14195273</controlfield><controlfield tag="008">860909d19041917vaudr ne      0    0eng  </controlfield><controlfield tag="009">466</controlfield><datafield ind1=" " ind2=" " tag="010"><subfield code="a">sn 86071891 </subfield></datafield><datafield ind1=" " ind2=" " tag="040"><subfield code="a">DLC</subfield><subfield code="b">eng</subfield><subfield code="c">DLC</subfield><subfield code="d">NVF</subfield><subfield code="d">NVK</subfield><subfield code="d">OCLCQ</subfield><subfield code="d">OCLCO</subfield><subfield code="d">OCLCF</subfield></datafield><datafield ind1="1" ind2=" " tag="029"><subfield code="a">AU@</subfield><subfield code="b">000025793757</subfield></datafield><datafield ind1=" " ind2=" " tag="042"><subfield code="a">msc</subfield></datafield><datafield ind1="0" ind2="0" tag="050"><subfield code="a">Newspaper 10028-X</subfield></datafield><datafield ind1="0" ind2=" " tag="130"><subfield code="a">Staunton daily leader (Staunton, Va. : 1904)</subfield></datafield><datafield ind1="0" ind2="0" tag="245"><subfield code="a">Staunton daily leader.</subfield></datafield><datafield ind1=" " ind2=" " tag="250"><subfield code="a">Evening.</subfield></datafield><datafield ind1=" " ind2=" " tag="260"><subfield code="a">Staunton, Va. :</subfield><subfield code="b">Staunton Leader Pub. Co.,</subfield><subfield code="c">1904-1917.</subfield></datafield><datafield ind1=" " ind2=" " tag="300"><subfield code="a">v. :</subfield><subfield code="b">ill. ;</subfield><subfield code="c">60 cm.</subfield></datafield><datafield ind1=" " ind2=" " tag="310"><subfield code="a">Daily</subfield></datafield><datafield ind1=" " ind2=" " tag="321"><subfield code="a">Daily (except Sunday),</subfield><subfield code="b">&lt;June 23, 1911&gt;</subfield></datafield><datafield ind1="0" ind2=" " tag="362"><subfield code="a">Vol. 1, no. 1 (Dec. 15, 1904)-v.25, no. 115 (Mar. 23, 1917).</subfield></datafield><datafield ind1=" " ind2=" " tag="500"><subfield code="a">Sometimes called "Afternoon" edition.</subfield></datafield><datafield ind1=" " ind2=" " tag="525"><subfield code="a">Special "Historical and trade edition" published Mar. 23, 1914 as a supplement.</subfield></datafield><datafield ind1=" " ind2=" " tag="530"><subfield code="a">Available on microfilm from: Bell &amp; Howell, Micro Photo Div.</subfield></datafield><datafield ind1=" " ind2=" " tag="580"><subfield code="a">Morning eds. available: Staunton daily leader, &lt;1908&gt;-Jan. 3, 1914 ; Staunton morning leader, Jan. 4, 1914-</subfield></datafield><datafield ind1=" " ind2="0" tag="651"><subfield code="a">Staunton (Va.)</subfield><subfield code="v">Newspapers.</subfield></datafield><datafield ind1=" " ind2="7" tag="655"><subfield code="a">Newspapers.</subfield><subfield code="2">fast</subfield><subfield code="0">(OCoLC)fst01423814</subfield></datafield><datafield ind1=" " ind2="7" tag="651"><subfield code="a">Virginia</subfield><subfield code="z">Staunton.</subfield><subfield code="2">fast</subfield><subfield code="0">(OCoLC)fst01204696</subfield></datafield><datafield ind1=" " ind2=" " tag="752"><subfield code="a">United States</subfield><subfield code="b">Virginia</subfield><subfield code="d">Staunton.</subfield></datafield><datafield ind1="1" ind2=" " tag="775"><subfield code="t">Staunton daily leader (Staunton, Va. : 1908)</subfield><subfield code="w">(DLC)sn 95079507</subfield></datafield><datafield ind1="1" ind2=" " tag="775"><subfield code="t">Staunton morning leader (Staunton, Va.)</subfield><subfield code="w">(DLC)sn 95079515</subfield></datafield><datafield ind1="0" ind2="0" tag="785"><subfield code="t">Evening leader (Staunton, Va.)</subfield><subfield code="w">(DLC)sn 95079506</subfield></datafield></record>